%% Related to products of compartmental models
@article{worden2017products,
  title={Products of compartmental models in epidemiology},
  author={Worden, Lee and Porco, Travis C},
  journal={Computational and mathematical methods in medicine},
  volume={2017},
  year={2017},
  publisher={Hindawi}
}

%% Related to Category Theory approach to model composition

@article{fong2018seven,
  title={Seven sketches in compositionality: An invitation to applied category theory},
  author={Fong, Brendan and Spivak, David I},
  journal={arXiv preprint arXiv:1803.05316},
  year={2018}
}

@article{Libkind2022an,
  doi = {10.48550/ARXIV.2203.16345},
  url = {https://arxiv.org/abs/2203.16345},
  author = {Libkind, Sophie and Baas, Andrew and Halter, Micah and Patterson, Evan and Fairbanks, James},
  title = {An Algebraic Framework for Structured Epidemic Modeling},
  publisher = {arXiv},
  journal = {arXiv preprint arXiv:2203.16345},
  year = {2022},
  copyright = {Creative Commons Attribution 4.0 International}
}

@article{libkind2021operadic,
  title={Operadic modeling of dynamical systems: mathematics and computation},
  author={Libkind, Sophie and Baas, Andrew and Patterson, Evan and Fairbanks, James},
  journal={arXiv preprint arXiv:2105.12282},
  year={2021}
}

@article{baez2022compositional,
  title={Compositional Modeling with Stock and Flow Diagrams},
  author={Baez, John and Li, Xiaoyan and Libkind, Sophie and Osgood, Nathaniel and Patterson, Evan},
  journal={arXiv preprint arXiv:2205.08373},
  year={2022}
}

@article{libkindtyped,
  title={Typed and Stratified Models with Slice Categories},
  author={Libkind, Sophie and Baas, Andrew and Halter, Micah and Patterson, Evan and Fairbanks, James}
}

@article{baez2017compositional,
  title={A compositional framework for reaction networks},
  author={Baez, John C and Pollard, Blake S},
  journal={Reviews in Mathematical Physics},
  volume={29},
  number={09},
  pages={1750028},
  year={2017},
  publisher={World Scientific}
}

% Related to DAGs
@article{ackley2017compartmental,
  title={Compartmental model diagrams as causal representations in relation to DAGs},
  author={Ackley, Sarah F and Mayeda, Elizabeth Rose and Worden, Lee and Enanoria, Wayne TA and Glymour, M Maria and Porco, Travis C},
  journal={Epidemiologic methods},
  volume={6},
  number={1},
  year={2017},
  publisher={De Gruyter}
}

@article{havumaki2020using,
  title={Using compartmental models to simulate directed acyclic graphs to explore competing causal mechanisms underlying epidemiological study data},
  author={Havumaki, Joshua and Eisenberg, Marisa C},
  journal={Journal of the Royal Society Interface},
  volume={17},
  number={167},
  pages={20190675},
  year={2020},
  publisher={The Royal Society}
}

% Covid-19 and compartmental models
@article{abou2020compartmental,
  title={Compartmental models of the COVID-19 pandemic for physicians and physician-scientists},
  author={Abou-Ismail, Anas},
  journal={SN comprehensive clinical medicine},
  volume={2},
  number={7},
  pages={852--858},
  year={2020},
  publisher={Springer}
}

@article{massonis2021structural,
  title={Structural identifiability and observability of compartmental models of the COVID-19 pandemic},
  author={Massonis, Gemma and Banga, Julio R and Villaverde, Alejandro F},
  journal={Annual reviews in control},
  volume={51},
  pages={441--459},
  year={2021},
  publisher={Elsevier}
}

@article{adam2020special,
  title={Special report: The simulations driving the world's response to COVID-19.},
  author={Adam, David},
  journal={Nature},
  volume={580},
  number={7802},
  pages={316--319},
  year={2020},
  publisher={Nature Publishing Group}
}

@article{currie2020simulation,
  title={How simulation modelling can help reduce the impact of COVID-19},
  author={Currie, Christine SM and Fowler, John W and Kotiadis, Kathy and Monks, Thomas and Onggo, Bhakti Stephan and Robertson, Duncan A and Tako, Antuela A},
  journal={Journal of Simulation},
  volume={14},
  number={2},
  pages={83--97},
  year={2020},
  publisher={Taylor \& Francis}
}

@article{lofgren2014mathematical,
  title={Mathematical models: A key tool for outbreak response},
  author={Lofgren, Eric T and Halloran, M Elizabeth and Rivers, Caitlin M and Drake, John M and Porco, Travis C and Lewis, Bryan and Yang, Wan and Vespignani, Alessandro and Shaman, Jeffrey and Eisenberg, Joseph NS and others},
  journal={Proceedings of the National Academy of Sciences},
  volume={111},
  number={51},
  pages={18095--18096},
  year={2014},
  publisher={National Acad Sciences}
}

@article{mcbryde2020role,
  title={Role of modelling in COVID-19 policy development},
  author={McBryde, Emma S and Meehan, Michael T and Adegboye, Oyelola A and Adekunle, Adeshina I and Caldwell, Jamie M and Pak, Anton and Rojas, Diana P and Williams, Bridget M and Trauer, James M},
  journal={Paediatric respiratory reviews},
  volume={35},
  pages={57--60},
  year={2020},
  publisher={Elsevier}
}

@misc{enserink2020covid,
  title={With COVID-19, modeling takes on life and death importance},
  author={Enserink, Martin and Kupferschmidt, Kai},
  year={2020},
  publisher={American Association for the Advancement of Science}
}

% Dealing with specific compartmental models
@article{friston2020dynamic,
  title={Dynamic causal modelling of COVID-19},
  author={Friston, Karl J and Parr, Thomas and Zeidman, Peter and Razi, Adeel and Flandin, Guillaume and Daunizeau, Jean and Hulme, Ollie J and Billig, Alexander J and Litvak, Vladimir and Moran, Rosalyn J and others},
  journal={Wellcome Open Research},
  volume={5},
  year={2020},
  publisher={The Wellcome Trust}
}

@article{chang2022stochastic,
  title={A Stochastic Multi-Strain SIR Model with Two-Dose Vaccination Rate},
  author={Chang, Yen-Chang and Liu, Ching-Ti},
  journal={Mathematics},
  volume={10},
  number={11},
  pages={1804},
  year={2022},
  publisher={MDPI}
}

@article{fields2021age,
  title={Age-stratified transmission model of COVID-19 in Ontario with human mobility during pandemic's first wave},
  author={Fields, R and Humphrey, L and Flynn-Primrose, D and Mohammadi, Z and Nahirniak, M and Thommes, EW and Cojocaru, MG},
  journal={Heliyon},
  volume={7},
  number={9},
  pages={e07905},
  year={2021},
  publisher={Elsevier}
}

@article{lavielle2020extension,
  title={Extension of a SIR model for modelling the propagation of Covid-19 in several countries.},
  author={Lavielle, Marc and Faron, Matthieu and Zeitoun, Jean-David and others},
  journal={medRxiv},
  year={2020},
  publisher={Cold Spring Harbor Laboratory Press}
}

@article{balabdaoui2020age,
  title={Age-stratified discrete compartment model of the COVID-19 epidemic with application to Switzerland},
  author={Balabdaoui, Fadoua and Mohr, Dirk},
  journal={Scientific reports},
  volume={10},
  number={1},
  pages={1--12},
  year={2020},
  publisher={Nature Publishing Group}
}

@article{leontitsis2021seahir,
  title={Seahir: A specialized compartmental model for covid-19},
  author={Leontitsis, Alexandros and Senok, Abiola and Alsheikh-Ali, Alawi and Al Nasser, Younus and Loney, Tom and Alshamsi, Aamena},
  journal={International journal of environmental research and public health},
  volume={18},
  number={5},
  pages={2667},
  year={2021},
  publisher={MDPI}
}

% Variants and vaccination
@article{abu2021effectiveness,
  title={Effectiveness of the BNT162b2 Covid-19 Vaccine against the B. 1.1. 7 and B. 1.351 Variants},
  author={Abu-Raddad, Laith J and Chemaitelly, Hiam and Butt, Adeel A},
  journal={New England Journal of Medicine},
  volume={385},
  number={2},
  pages={187--189},
  year={2021},
  publisher={Mass Medical Soc}
}

@article{koyama2020emergence,
  title={Emergence of drift variants that may affect COVID-19 vaccine development and antibody treatment},
  author={Koyama, Takahiko and Weeraratne, Dilhan and Snowdon, Jane L and Parida, Laxmi},
  journal={Pathogens},
  volume={9},
  number={5},
  pages={324},
  year={2020},
  publisher={MDPI}
}

@article{vasireddy2021review,
  title={Review of COVID-19 variants and COVID-19 vaccine efficacy: what the clinician should know?},
  author={Vasireddy, Deepa and Vanaparthy, Rachana and Mohan, Gisha and Malayala, Srikrishna Varun and Atluri, Paavani},
  journal={Journal of Clinical Medicine Research},
  volume={13},
  number={6},
  pages={317},
  year={2021},
  publisher={Elmer Press}
}

% Multi-strain models
@article{kryazhimskiy2007state,
  title={On state-space reduction in multi-strain pathogen models, with an application to antigenic drift in influenza A},
  author={Kryazhimskiy, Sergey and Dieckmann, Ulf and Levin, Simon A and Dushoff, Jonathan},
  journal={PLoS computational biology},
  volume={3},
  number={8},
  pages={e159},
  year={2007},
  publisher={Public Library of Science San Francisco, USA}
}

@article{gog2002dynamics,
  title={Dynamics and selection of many-strain pathogens},
  author={Gog, Julia R and Grenfell, Bryan T},
  journal={Proceedings of the National Academy of Sciences},
  volume={99},
  number={26},
  pages={17209--17214},
  year={2002},
  publisher={National Acad Sciences}
}

@article{williams2021localization,
  title={Localization, epidemic transitions, and unpredictability of multistrain epidemics with an underlying genotype network},
  author={Williams, Blake JM and St-Onge, Guillaume and H{\'e}bert-Dufresne, Laurent},
  journal={PLoS Computational Biology},
  volume={17},
  number={2},
  pages={e1008606},
  year={2021},
  publisher={Public Library of Science San Francisco, CA USA}
}

@article{iyaniwura2022mathematical,
  title={Mathematical modeling of COVID-19 in British Columbia: an age-structured model with time-dependent contact rates},
  author={Iyaniwura, Sarafa A and Falc{\~a}o, Rebeca C and Ringa, Notice and Adu, Prince A and Spencer, Michelle and Taylor, Marsha and Colijn, Caroline and Coombs, Daniel and Janjua, Naveed Z and Irvine, Michael A and others},
  journal={Epidemics},
  volume={39},
  pages={100559},
  year={2022},
  publisher={Elsevier}
}

% By GG Walter
@article{walter1983some,
  title={Some equivalent compartmental models},
  author={Walter, Gilbert G},
  journal={Mathematical biosciences},
  volume={64},
  number={2},
  pages={273--293},
  year={1983},
  publisher={Elsevier}
}

@article{walter1985complex,
  title={On complex eigenvalues of compartmental models},
  author={Walter, Gilbert G},
  journal={Mathematical biosciences},
  volume={75},
  number={2},
  pages={143--157},
  year={1985},
  publisher={Elsevier}
}

@article{walter1984eigenvalues,
  title={Eigenvalues and structure of compartmental models},
  author={Walter, Gilbert G},
  journal={Mathematical Biosciences},
  volume={71},
  number={2},
  pages={181--199},
  year={1984},
  publisher={Elsevier}
}

@book{walter1999compartmental,
  title={Compartmental modeling with networks},
  author={Walter, Gilbert G and Contreras, Martha},
  year={1999},
  publisher={Springer Science \& Business Media}
}

% From Aldo Rescigno
@article{rescigno2001rise,
  title={The rise and fall of compartmental analysis},
  author={Rescigno, Aldo},
  journal={Pharmacological Research},
  volume={44},
  number={4},
  pages={337--342},
  year={2001},
  publisher={Elsevier}
}

@article{rescigno1965some,
  title={On some metric properties of the systems of compartments},
  author={Rescigno, Aldo and Segre, Giorgio},
  journal={The bulletin of mathematical biophysics},
  volume={27},
  number={3},
  pages={315--323},
  year={1965},
  publisher={Springer}
}

@article{rescigno1964some,
  title={On some topological properties of the systems of compartments},
  author={Rescigno, Aldo and Segre, Giorgio},
  journal={The bulletin of mathematical biophysics},
  volume={26},
  number={1},
  pages={31--38},
  year={1964},
  publisher={Springer}
}

@article{rescigno1962analysis,
  title={Analysis of multicompartmented biological systems},
  author={Rescigno, A and Segre, G},
  journal={Journal of Theoretical Biology},
  volume={3},
  number={2},
  pages={149--163},
  year={1962},
  publisher={Elsevier}
}

@article{rescigno1999compartmental,
  title={Compartmental analysis revisited},
  author={Rescigno, Aldo},
  journal={Pharmacological research},
  volume={39},
  number={6},
  pages={471--478},
  year={1999},
  publisher={Elsevier}
}

@article{rescigno1960synthesis,
  title={Synthesis of a multicompartmented biological model},
  author={Rescigno, Aldo},
  journal={Biochimica et Biophysica Acta},
  volume={37},
  number={3},
  pages={463--468},
  year={1960},
  publisher={Elsevier}
}

% By JZ Hearon

@article{hearon1981residence,
  title={Residence times in compartmental systems with and without inputs},
  author={Hearon, John Z},
  journal={Mathematical Biosciences},
  volume={55},
  number={3-4},
  pages={247--257},
  year={1981},
  publisher={Elsevier}
}

@article{hearon1979monotonicity,
  title={A monotonicity theorem for compartmental systems},
  author={Hearon, John Z},
  journal={Mathematical Biosciences},
  volume={46},
  number={3-4},
  pages={293--300},
  year={1979},
  publisher={Elsevier}
}

@article{hearon1972path,
  title={Path lengths and initial derivatives in arbitrary and Hessenberg compartmental systems},
  author={Hearon, John Z and London, Wayne P},
  journal={Mathematical Biosciences},
  volume={14},
  number={1-2},
  pages={121--134},
  year={1972},
  publisher={Elsevier}
}

@article{hearon1972residence,
  title={Residence times in compartmental systems and the moments of a certain distribution},
  author={Hearon, John Z},
  journal={Mathematical Biosciences},
  volume={15},
  number={1-2},
  pages={69--77},
  year={1972},
  publisher={Elsevier}
}

@article{hearon1963theorems,
  title={Theorems on linear systems},
  author={Hearon, John Z},
  journal={Annals of the New York Academy of Sciences},
  volume={108},
  number={1},
  pages={36--68},
  year={1963},
  publisher={Wiley Online Library}
}

%By M Berman
@article{berman1963formulation,
  title={The formulation and testing of models},
  author={Berman, Mones},
  journal={Annals of the New York Academy of Sciences},
  volume={108},
  number={1},
  pages={182--194},
  year={1963},
  publisher={Blackwell Publishing Ltd Oxford, UK}
}

@article{berman1963postulate,
  title={A postulate to aid in model building},
  author={Berman, Mones},
  journal={Journal of Theoretical Biology},
  volume={4},
  number={3},
  pages={229--236},
  year={1963},
  publisher={Elsevier}
}

@article{berman1956invariants,
  title={Invariants in experimental data on linear kinetics and the formulation of models},
  author={Berman, Mones and Schoenfeld, Robert},
  journal={Journal of Applied Physics},
  volume={27},
  number={11},
  pages={1361--1370},
  year={1956},
  publisher={American Institute of Physics}
}


% For elementary Graph Theory

@incollection{roberts2009applied,
  title={Applied Combinatorics SECOND EDITION},
  author={Roberts, Fred S and Tesman, Barry},
  booktitle={Applied Combinatorics, Second Edition},
  pages={1--848},
  year={2009},
  publisher={Taylor and Francis}
}

@book{imrich2008topics,
  title={Topics in graph theory: Graphs and their Cartesian product},
  author={Imrich, Wilfried and Klavzar, Sandi and Rall, Douglas F},
  year={2008},
  publisher={CRC Press}
}

@article{imrich2018cartesian,
  title={Cartesian products of directed graphs with loops},
  author={Imrich, Wilfried and Peterin, Iztok},
  journal={Discrete Mathematics},
  volume={341},
  number={5},
  pages={1336--1343},
  year={2018},
  publisher={Elsevier}
}

@article{sabidussi1959graph,
  title={Graph multiplication},
  author={Sabidussi, Gert},
  journal={Mathematische Zeitschrift},
  volume={72},
  number={1},
  pages={446--457},
  year={1959},
  publisher={Springer}
}

@book{hammack2011handbook,
  title={Handbook of product graphs},
  author={Hammack, Richard H and Imrich, Wilfried and Klav{\v{z}}ar, Sandi and Imrich, Wilfried and Klav{\v{z}}ar, Sandi},
  volume={2},
  year={2011},
  publisher={CRC press Boca Raton}
}

% History of SIR models
@article{leibniz18591684,
  title={1684. Nova methodus pro maximis et minimis, itemque tangentibus, quae nec fractas, nec irrationales quantitates moratur, et singulare pro illis calculi genus},
  author={Leibniz, Gottfried Wilhelm},
  journal={Acta eruditorum},
  pages={467--473},
  year={1859}
}

@article{leibniz1863geometria,
  title={De geometria recondita et analysi indivisibilium atque infinitorum},
  author={Leibniz, Gottfried Wilhelm},
  journal={Acta eruditorum},
  volume={5},
  number={1686},
  pages={281--282},
  year={1863}
}

@article{leibniz12supplementum,
  title={Supplementum geometriae dimensoriae seu generalissima omnium tetragonismorum effectio per motum: similiterque multiplex constructio lineae ex data tangentium conditione},
  author={Leibniz, Gottfried Wilhelm},
  journal={Acta eruditorum},
  volume={12},
  number={1693},
  pages={385--392}
}

@article{bernoulli1695explicationes,
  title={Explicationes, Annotationes \& Additiones ad ea, quae in Actis sup. de Curva Elastica, Isochrona Paracentrica, \& Velaria, hinc inde memorata, \& paratim controversa legundur; ubi de Linea mediarum directionum, alliisque novis}, 
  author={Bernoulli, Jacob},
  journal={Acta Eruditorum},
  volume={1695}
}

@article{farr1866cattle,
  title={On the cattle plague},
  author={Farr, William},
  journal={J. Soc. Sci},
  volume={1},
  number={7},
  pages={349--351},
  year={1866}
}

@article{lilienfeld2007celebration,
  title={Celebration: William Farr (1807--1883)—an appreciation on the 200th anniversary of his birth},
  author={Lilienfeld, DE},
  journal={International journal of epidemiology},
  volume={36},
  number={5},
  pages={985--987},
  year={2007},
  publisher={Oxford University Press}
}

@article{evans1876some,
  title={On Some Arithmetical Questions Involved in the Rise and Progress of Epidemics},
  author={Evans, GH},
  journal={Transactions. Epidemiological Society of London},
  volume={3},
  number={Pt 3},
  pages={551},
  year={1876},
  publisher={Biomedical Journal Digitization Project}
}

@article{BROWNLEE1915125,
title = {Investigations into the periodicity of infectious diseases by the application of a method hitherto only used in physics},
journal = {{Public Health}},
volume = {28},
number = {4},
pages = {125-134},
year = {1915},
issn = {0033-3506},
doi = {https://doi.org/10.1016/S0033-3506(15)80722-7},
url = {https://www.sciencedirect.com/science/article/pii/S0033350615807227},
author = {John Brownlee}
}

@article{BrownleeJohn1916OTCO,
year = {1916},
author = {Brownlee, John},
address = {London},
copyright = {Copyright BMJ Publishing Group LTD Jul 29, 1916},
issn = {0007-1447},
journal = {British Medical Journal},
language = {eng},
number = {2900},
pages = {142-},
publisher = {BMJ Publishing Group LTD},
title = {ON THE CURVE OF THE EPIDEMIC},
volume = {2},
}

@article{ross1916application,
  title={An application of the theory of probabilities to the study of a priori pathometry.—Part I},
  author={Ross, Ronald},
  journal={Proceedings of the Royal Society of London. Series A, Containing papers of a mathematical and physical character},
  volume={92},
  number={638},
  pages={204--230},
  year={1916},
  publisher={The Royal Society London}
}

@article{ross1917application,
  title={An application of the theory of probabilities to the study of a priori pathometry.—Part II},
  author={Ross, Ronald and Hudson, Hilda P},
  journal={Proceedings of the Royal Society of London. Series A, Containing papers of a mathematical and physical character},
  volume={93},
  number={650},
  pages={212--225},
  year={1917},
  publisher={The Royal Society London}
}

@article{RonaldRoss1917AAot,
year = {1917},
author = {Ronald Ross and Hilda P. Hudson},
issn = {0950-1193},
journal = {Proceedings of the Royal Society of London. Series B, Containing papers of a biological character},
language = {eng},
number = {621},
pages = {507-507},
publisher = {Harrison and Sons},
title = {An Application of the Theory of Probabilities to the Study of a Priori Pathometry.--Part III},
volume = {89},
}

@article{kermack1927contribution,
  title={A contribution to the mathematical theory of epidemics},
  author={Kermack, William Ogilvy and McKendrick, Anderson G},
  journal={Proceedings of the royal society of london. Series A, Containing papers of a mathematical and physical character},
  volume={115},
  number={772},
  pages={700--721},
  year={1927},
  publisher={The Royal Society London}
}

@article{brauer2005kermack,
  title={The Kermack--McKendrick epidemic model revisited},
  author={Brauer, Fred},
  journal={Mathematical biosciences},
  volume={198},
  number={2},
  pages={119--131},
  year={2005},
  publisher={Elsevier}
}

@article{bernoulli2004attempt,
  title={An attempt at a new analysis of the mortality caused by smallpox and of the advantages of inoculation to prevent it},
  author={Bernoulli, Daniel and Blower, Sally},
  journal={Reviews in medical virology},
  volume={14},
  number={5},
  pages={275},
  year={2004},
  publisher={Citeseer}
}

@article{satsuma2004extending,
  title={Extending the SIR epidemic model},
  author={Satsuma, Junkichi and Willox, R and Ramani, A and Grammaticos, B and Carstea, AS},
  journal={Physica A: Statistical Mechanics and its Applications},
  volume={336},
  number={3-4},
  pages={369--375},
  year={2004},
  publisher={Elsevier}
}

@article{capasso1978generalization,
  title={A generalization of the Kermack-McKendrick deterministic epidemic model},
  author={Capasso, Vincenzo and Serio, Gabriella},
  journal={Mathematical biosciences},
  volume={42},
  number={1-2},
  pages={43--61},
  year={1978},
  publisher={Elsevier}
}

@article{reveller1969optimization,
  title={An optimization model of tuberculosis epidemiology},
  author={Reveller, Charles and Lynn, Walter and Feldmann, Floyd},
  journal={Management Science},
  volume={16},
  number={4},
  pages={B--190},
  year={1969},
  publisher={INFORMS}
}

@article{hethcote2000mathematics,
  title={The mathematics of infectious diseases},
  author={Hethcote, Herbert W},
  journal={SIAM review},
  volume={42},
  number={4},
  pages={599--653},
  year={2000},
  publisher={SIAM}
}
% Textbooks
@incollection{brauer2008compartmental,
  title={Compartmental models in epidemiology},
  author={Brauer, Fred},
  booktitle={Mathematical epidemiology},
  pages={19--79},
  year={2008},
  publisher={Springer}
}

@book{bailey1975mathematical,
  title={The mathematical theory of infectious diseases and its applications},
  author={Bailey, Norman TJ and others},
  year={1975},
  publisher={Charles Griffin \& Company Ltd, 5a Crendon Street, High Wycombe, Bucks HP13 6LE.}
}

% Non-linear compartmental models




% S-systems
@article{voit1990s,
  title={S-system modelling of endemic infections},
  author={Voit, EO},
  journal={Computers \& Mathematics with Applications},
  volume={20},
  number={4-6},
  pages={161--173},
  year={1990},
  publisher={Elsevier}
}

@article{voit1988recasting,
  title={Recasting nonlinear models as S-systems},
  author={Voit, Eberhard O},
  journal={Mathematical and Computer Modelling},
  volume={11},
  pages={140--145},
  year={1988},
  publisher={Elsevier}
}

@article{savageau1988introduction,
  title={Introduction to S-systems and the underlying power-law formalism},
  author={Savageau, Michael A},
  journal={Mathematical and Computer Modelling},
  volume={11},
  pages={546--551},
  year={1988},
  publisher={Elsevier}
}

% Michaelis and Menton
@article{johnson2011original,
  title={The original Michaelis constant: translation of the 1913 Michaelis--Menten paper},
  author={Johnson, Kenneth A and Goody, Roger S},
  journal={Biochemistry},
  volume={50},
  number={39},
  pages={8264--8269},
  year={2011},
  publisher={ACS Publications}
}

@article{cornish2015one,
  title={One hundred years of Michaelis--Menten kinetics},
  author={Cornish-Bowden, Athel},
  journal={Perspectives in Science},
  volume={4},
  pages={3--9},
  year={2015},
  publisher={Elsevier}
}




@software{macpan,
  author       = {Ben Bolker and
                  Michael Li and
                  Irena Papst and
                  Jonathan Dushoff and
                  David Earn and
                  Matthew So and
                  Zachary Levine and
                  Ali Gharouni and
                  Steve Walker},
  title        = {mac-theobio/McMasterPandemic: 'vaxify'},
  month        = jul,
  year         = 2021,
  publisher    = {Zenodo},
  version      = {v0.0.20.1},
  doi          = {10.5281/zenodo.5122956},
  url          = {https://doi.org/10.5281/zenodo.5122956}
}

 @software{algebraicjulia,
  author       = {Micah Halter and
                  Andrew Baas and
                  Evan Patterson and
                  James and
                  Tyler Hanks and
                  Pietro Monticone},
  title        = {AlgebraicJulia/AlgebraicPetri.jl: v0.7.2},
  month        = jul,
  year         = 2022,
  publisher    = {Zenodo},
  version      = {v0.7.2},
  doi          = {10.5281/zenodo.6928476},
  url          = {https://doi.org/10.5281/zenodo.6928476}
}

@article{LeviEarn22,
   Author = {Zachary Levine and David J. D. Earn},
   Title = {Face Masking and {COVID-19}: {Potential} effects of variolation on transmission dynamics},
   Journal = {Journal of the Royal Society of London, Interface},
   Volume = {19},
   Pages = {20210781},
   doi = {10.1098/rsif.2021.0781},
   url = {https://dx.doi.org/10.1098/rsif.2021.0781},
   Year = {2022}
}

